<?xml version="1.0" encoding="UTF-8"?><collection xmlns="http://www.loc.gov/MARC21/slim"><record><leader>00563nam--2200205-u-4500</leader><controlfield tag="001">000053765</controlfield><controlfield tag="002">20161230</controlfield><controlfield tag="005">20161230201051</controlfield><controlfield tag="008">110606s1000------------r-----000-0-eng-d</controlfield><datafield ind1=" " ind2=" " tag="020"><subfield code="a">0198537948</subfield></datafield><datafield ind1=" " ind2=" " tag="040"><subfield code="a">IFIN-HH</subfield></datafield><datafield ind1=" " ind2=" " tag="080"><subfield code="a">530.14?512.547(075)</subfield></datafield><datafield ind1="1" ind2=" " tag="100"><subfield code="a">Hannabuss, Keith</subfield></datafield><datafield ind1="1" ind2="0" tag="245"><subfield code="a">An introduction to quantum theory</subfield><subfield code="c">Keith hannabuss</subfield></datafield><datafield ind1=" " ind2=" " tag="250"><subfield code="a">Reprinted 2004</subfield></datafield><datafield ind1=" " ind2=" " tag="260"><subfield code="a">Oxford</subfield><subfield code="b">Oxford University Press</subfield><subfield code="c">1997</subfield></datafield><datafield ind1=" " ind2=" " tag="300"><subfield code="a">380P</subfield></datafield><datafield ind1=" " ind2=" " tag="490"><subfield code="a">Oxford Graduate Texts In Mathematics</subfield></datafield><datafield ind1=" " ind2=" " tag="852"><subfield code="a">81706</subfield><subfield code="c">530.14</subfield></datafield><datafield ind1=" " ind2=" " tag="CAT"><subfield code="a">Sys</subfield><subfield code="c">20110606</subfield><subfield code="h">132634</subfield></datafield></record></collection>